<record xmlns="http://www.loc.gov/MARC21/slim" xmlns:xsi="http://www.w3.org/2001/XMLSchema-instance" xsi:schemaLocation="http://www.loc.gov/MARC21/slim http://www.loc.gov/standards/marcxml/schema/MARC21slim.xsd"><leader>01087nam a2200253   4500</leader><controlfield tag="001">001680156</controlfield><controlfield tag="003">NNU</controlfield><controlfield tag="006">m        d        </controlfield><controlfield tag="007">cr cn |||m|||a</controlfield><controlfield tag="008">140707s1953    le      o     000 0 ara d</controlfield><datafield ind1=" " ind2=" " tag="040"><subfield code="a">NNU</subfield><subfield code="b">eng</subfield><subfield code="c">NNU</subfield></datafield><datafield ind1="1" ind2=" " tag="100"><subfield code="a">Maqdis&#299;, An&#299;s.</subfield></datafield><datafield ind1="1" ind2="0" tag="245"><subfield code="a">Umar&#257;&#700; al-shi&#699;r al-&#699;Arab&#299; f&#299; al-&#699;a&#7779;r al-&#699;abb&#257;s&#299;</subfield><subfield code="h">[electronic resource] /</subfield><subfield code="c">An&#299;s al-Maqdas&#299;.</subfield></datafield><datafield ind1=" " ind2=" " tag="250"><subfield code="a">al-&#7788;ab&#699;ah 4.</subfield></datafield><datafield ind1=" " ind2=" " tag="260"><subfield code="a">Bayr&#363;t,</subfield><subfield code="b">al-Ma&#7789;ba&#699;ah al-Am&#299;rk&#257;n&#299;yah,</subfield><subfield code="c">[1953]</subfield></datafield><datafield ind1=" " ind2=" " tag="300"><subfield code="a">online resource (424 p.)</subfield></datafield><datafield ind1=" " ind2=" " tag="500"><subfield code="a">Part of the Arabic Collections Online (ACO) project, contributed by New York Univeristy Libraries.</subfield></datafield><datafield ind1=" " ind2=" " tag="533"><subfield code="a">Electronic reproduction.</subfield><subfield code="b">New York, N.Y. :</subfield><subfield code="c">New York University,</subfield><subfield code="d">2014.</subfield><subfield code="5">NNU</subfield></datafield><datafield ind1=" " ind2="0" tag="650"><subfield code="a">Arabic poetry</subfield><subfield code="v">Bio-bibliography.</subfield></datafield><datafield ind1="2" ind2=" " tag="710"><subfield code="a">New York University.</subfield><subfield code="b">Libraries.</subfield></datafield><datafield ind1="0" ind2=" " tag="730"><subfield code="a">Arabic Collections Online.</subfield></datafield><datafield ind1="0" ind2="8" tag="776"><subfield code="i">Print version:</subfield><subfield code="a">Maqdis&#299;, An&#299;s.</subfield><subfield code="t">Umar&#257;&#700; al-shi&#699;r al-&#699;Arab&#299; f&#299; al-&#699;a&#7779;r al-&#699;abb&#257;s&#299;</subfield><subfield code="w">(NNU)001680156</subfield></datafield><datafield ind1="4" ind2="0" tag="856"><subfield code="u">http://hdl.handle.net/2333.1/b5mkkz9s</subfield></datafield><datafield ind1=" " ind2=" " tag="959"><subfield code="a">NNU</subfield><subfield code="b">WEB</subfield><subfield code="c">GENI</subfield><subfield code="t">0</subfield><subfield code="m">Electronic access</subfield><subfield code="s">01</subfield></datafield></record>